@book{boxjenkins,
  title={Time series analysis: forecasting and control},
  author={Box, George EP and Jenkins, Gwilym M and Reinsel, Gregory C and Ljung, Greta M},
  year={2015},
  publisher={John Wiley \& Sons}
}

@book{mcconnell2009analysis,
  title={Analysis of algorithms},
  author={McConnell, Jeffrey},
  year={2009},
  publisher={Jones \& Bartlett Publishers}
}

@misc{HoltWinters,
	title = {Engineering statistics handbook},
	author = {{National Institute of Standards and Technology}},
	howpublished = {http://www.itl.nist.gov/div898/handbook/pmc/section4/pmc435.htm},
	note = {Accessed: 2010-09-30}
}

@misc{WhatIsTrendForecasting,
	title = {Chron},
	author = {{Hearts Newspapers}},
	howpublished = {http://smallbusiness.chron.com/trend-forecasting-61347.html},
	note = {Accessed: 2017-01-20}
}

@misc{Averagingandsmoothingmodels,
	title = {Moving average},
	author = {Robert F. Nau},
	howpublished = {https://people.duke.edu/\~\,rnau/411avg.htm},
	note = {Accessed: 2017-01-19}
}

@misc {WMA,
	title = {Weighted Moving Average},
	author = {{OANDA}},
	howpublished = {https://www.oanda.com/forex-trading/learn/forex-indicators/weighted-moving-average},
	note = {Accessed: 2017-01-19}
}

@misc{TrendLine,
	title = {What is a Trend Line in Math? Definition, Equation \& Analysis},
	author = {{Study.com}},
	howpublished = {http://study.com/academy/lesson/what-is-a-trend-line-in-math-definition-equation-analysis.html},
	note = {Accessed: 2017-01-20}
}
